<record><leader>00000cas a2200000 a 4500</leader><controlfield tag="001">45793743</controlfield><controlfield tag="008">010125c19989999iluir ne      0   a0eng c</controlfield><datafield ind1=" " ind2=" " tag="010"><subfield code="a">sn2001061203</subfield></datafield><datafield ind1=" " ind2=" " tag="040"><subfield code="a">CVF</subfield><subfield code="b">eng</subfield><subfield code="c">CVF</subfield><subfield code="d">OCLCQ</subfield><subfield code="d">NVF</subfield><subfield code="d">OCLCQ</subfield><subfield code="d">OCLCF</subfield><subfield code="d">NVF</subfield><subfield code="d">OCLCO</subfield></datafield><datafield ind1="1" ind2=" " tag="029"><subfield code="a">AU@</subfield><subfield code="b">000023304546</subfield></datafield><datafield ind1=" " ind2=" " tag="042"><subfield code="a">pcc</subfield></datafield><datafield ind1=" " ind2=" " tag="043"><subfield code="a">n-us-il</subfield></datafield><datafield ind1="0" ind2=" " tag="130"><subfield code="a">Life (Berwyn, Ill. : 1998)</subfield></datafield><datafield ind1="1" ind2="4" tag="245"><subfield code="a">The life.</subfield></datafield><datafield ind1="1" ind2=" " tag="246"><subfield code="i">Publisher's box:</subfield><subfield code="a">Cicero/Berwyn/Stickney/Forest View life</subfield></datafield><datafield ind1="1" ind2=" " tag="246"><subfield code="i">Published on Wednesday as:</subfield><subfield code="a">Cicero life and Berwyn life</subfield></datafield><datafield ind1="1" ind2="3" tag="246"><subfield code="a">Cicero life</subfield></datafield><datafield ind1="1" ind2="3" tag="246"><subfield code="a">Berwyn life</subfield></datafield><datafield ind1="1" ind2="3" tag="246"><subfield code="a">Stickney life</subfield></datafield><datafield ind1="1" ind2="3" tag="246"><subfield code="a">Forest View life</subfield></datafield><datafield ind1=" " ind2=" " tag="260"><subfield code="a">Berwyn, Ill. :</subfield><subfield code="b">Life Print. &amp; Pub. Co.,</subfield><subfield code="c">1998-</subfield></datafield><datafield ind1=" " ind2=" " tag="300"><subfield code="a">v.</subfield></datafield><datafield ind1=" " ind2=" " tag="310"><subfield code="a">Triweekly</subfield></datafield><datafield ind1="0" ind2=" " tag="362"><subfield code="a">Sept. 2, 1998-</subfield></datafield><datafield ind1=" " ind2="0" tag="651"><subfield code="a">Cicero (Ill.)</subfield><subfield code="v">Newspapers.</subfield></datafield><datafield ind1=" " ind2="0" tag="651"><subfield code="a">Berwyn (Ill.)</subfield><subfield code="v">Newspapers.</subfield></datafield><datafield ind1=" " ind2="0" tag="651"><subfield code="a">Stickney (Ill.)</subfield><subfield code="v">Newspapers.</subfield></datafield><datafield ind1=" " ind2="0" tag="651"><subfield code="a">Forest View (Ill.)</subfield><subfield code="v">Newspapers.</subfield></datafield><datafield ind1=" " ind2="7" tag="651"><subfield code="a">Illinois</subfield><subfield code="z">Berwyn.</subfield><subfield code="2">fast</subfield><subfield code="0">(OCoLC)fst01217727</subfield></datafield><datafield ind1=" " ind2="7" tag="651"><subfield code="a">Illinois</subfield><subfield code="z">Cicero.</subfield><subfield code="2">fast</subfield><subfield code="0">(OCoLC)fst01218056</subfield></datafield><datafield ind1=" " ind2="7" tag="651"><subfield code="a">Illinois</subfield><subfield code="z">Forest View.</subfield><subfield code="2">fast</subfield><subfield code="0">(OCoLC)fst01872205</subfield></datafield><datafield ind1=" " ind2="7" tag="651"><subfield code="a">Illinois</subfield><subfield code="z">Stickney.</subfield><subfield code="2">fast</subfield><subfield code="0">(OCoLC)fst01250147</subfield></datafield><datafield ind1=" " ind2="7" tag="655"><subfield code="a">Newspapers.</subfield><subfield code="2">fast</subfield><subfield code="0">(OCoLC)fst01423814</subfield></datafield><datafield ind1=" " ind2=" " tag="752"><subfield code="a">United States</subfield><subfield code="b">Illinois</subfield><subfield code="c">Cook</subfield><subfield code="d">Berwyn.</subfield></datafield><datafield ind1="0" ind2="0" tag="780"><subfield code="a">Cicero Berwyn life</subfield><subfield code="w">(DLC)sn 94060590</subfield><subfield code="w">(OCoLC)31189109</subfield></datafield></record>